

@book {RZ96,
    AUTHOR = {Rapoport, M. and Zink, Th.},
     TITLE = {Period spaces for {$p$}-divisible groups},
    SERIES = {Annals of Mathematics Studies},
    VOLUME = {141},
 PUBLISHER = {Princeton University Press, Princeton, NJ},
      YEAR = {1996},
     PAGES = {xxii+324},
      ISBN = {0-691-02782-X; 0-691-02781-1},
   MRCLASS = {14G20 (11G18 14F30 14L05 14M15 20G05 20G25)},
  MRNUMBER = {1393439},
MRREVIEWER = {Robert\ E.\ Kottwitz},
       DOI = {10.1515/9781400882601},
       URL = {https://doi.org/10.1515/9781400882601},
}

@article {Gortz01,
    AUTHOR = {G\"ortz, Ulrich},
     TITLE = {On the flatness of models of certain {S}himura varieties of
              {PEL}-type},
   JOURNAL = {Math. Ann.},
  FJOURNAL = {Mathematische Annalen},
    VOLUME = {321},
      YEAR = {2001},
    NUMBER = {3},
     PAGES = {689--727},
      ISSN = {0025-5831,1432-1807},
   MRCLASS = {14G35 (11G18)},
  MRNUMBER = {1871975},
MRREVIEWER = {Conjeeveram\ S.\ Rajan},
       DOI = {10.1007/s002080100250},
       URL = {https://doi.org/10.1007/s002080100250},
}

@article {Pappas00,
    AUTHOR = {Pappas, Georgios},
     TITLE = {On the arithmetic moduli schemes of {PEL} {S}himura varieties},
   JOURNAL = {J. Algebraic Geom.},
  FJOURNAL = {Journal of Algebraic Geometry},
    VOLUME = {9},
      YEAR = {2000},
    NUMBER = {3},
     PAGES = {577--605},
      ISSN = {1056-3911,1534-7486},
   MRCLASS = {14G35 (11G18)},
  MRNUMBER = {1752014},
MRREVIEWER = {Conjeeveram\ S.\ Rajan},
}

@article {PR09,
    AUTHOR = {Pappas, G. and Rapoport, M.},
     TITLE = {Local models in the ramified case. {III}. {U}nitary groups},
   JOURNAL = {J. Inst. Math. Jussieu},
  FJOURNAL = {Journal of the Institute of Mathematics of Jussieu. JIMJ.
              Journal de l'Institut de Math\'ematiques de Jussieu},
    VOLUME = {8},
      YEAR = {2009},
    NUMBER = {3},
     PAGES = {507--564},
      ISSN = {1474-7480,1475-3030},
   MRCLASS = {11G18 (14G35 14M15)},
  MRNUMBER = {2516305},
MRREVIEWER = {Rolf\ Berndt},
       DOI = {10.1017/S1474748009000139},
       URL = {https://doi.org/10.1017/S1474748009000139},
}

@article {Smithling15,
    AUTHOR = {Smithling, Brian},
     TITLE = {On the moduli description of local models for ramified unitary
              groups},
   JOURNAL = {Int. Math. Res. Not. IMRN},
  FJOURNAL = {International Mathematics Research Notices. IMRN},
      YEAR = {2015},
    NUMBER = {24},
     PAGES = {13493--13532},
      ISSN = {1073-7928,1687-0247},
   MRCLASS = {14G35 (20G25)},
  MRNUMBER = {3436153},
MRREVIEWER = {Shuichiro\ Takeda},
       DOI = {10.1093/imrn/rnv095},
       URL = {https://doi.org/10.1093/imrn/rnv095},
}

@article {RZ17,
    AUTHOR = {Rapoport, Michael and Zink, Thomas},
     TITLE = {On the {D}rinfeld moduli problem of {$p$}-divisible groups},
   JOURNAL = {Camb. J. Math.},
  FJOURNAL = {Cambridge Journal of Mathematics},
    VOLUME = {5},
      YEAR = {2017},
    NUMBER = {2},
     PAGES = {229--279},
      ISSN = {2168-0930,2168-0949},
   MRCLASS = {11G15 (14L05)},
  MRNUMBER = {3653061},
MRREVIEWER = {Andrew\ Salch},
       DOI = {10.4310/CJM.2017.v5.n2.a2},
       URL = {https://doi.org/10.4310/CJM.2017.v5.n2.a2},
}


@article {HLSY,
    AUTHOR = {He, Qiao and Li, Chao and Shi, Yousheng and Yang, Tonghai},
     TITLE = {A proof of the {K}udla-{R}apoport conjecture for {K}r\"{a}mer
              models},
   JOURNAL = {Invent. Math.},
  FJOURNAL = {Inventiones Mathematicae},
    VOLUME = {234},
      YEAR = {2023},
    NUMBER = {2},
     PAGES = {721--817},
      ISSN = {0020-9910,1432-1297},
   MRCLASS = {11G18 (11G15 14G35)},
  MRNUMBER = {4651010},
       DOI = {10.1007/s00222-023-01209-1},
       URL = {https://doi.org/10.1007/s00222-023-01209-1},
}

@inproceedings{Kramer,
  title={Local models for Ramified unitary groups},
  author={Kr{\"a}mer, Nicole},
  booktitle={Abhandlungen aus dem Mathematischen Seminar der Universit{\"a}t Hamburg},
  volume={73},
  pages={67--80},
  year={2003},
  organization={Springer}
}


@phdthesis{Zhao-thesis,
  title={Affine {grassmannians and splitting models for triality groups}},
  author={Zhizhao Zhao},
  year={2021},
  school={Michigan State University}
}


@article {Mih22,
    AUTHOR = {Mihatsch, Andreas},
     TITLE = {Relative unitary {RZ}-spaces and the arithmetic fundamental
              lemma},
   JOURNAL = {J. Inst. Math. Jussieu},
  FJOURNAL = {Journal of the Institute of Mathematics of Jussieu. JIMJ.
              Journal de l'Institut de Math\'ematiques de Jussieu},
    VOLUME = {21},
      YEAR = {2022},
    NUMBER = {1},
     PAGES = {241--301},
      ISSN = {1474-7480,1475-3030},
   MRCLASS = {11G18 (14G35)},
  MRNUMBER = {4366338},
MRREVIEWER = {Wen-Wei\ Li},
       DOI = {10.1017/S1474748020000079},
       URL = {https://doi.org/10.1017/S1474748020000079},
}

@article{LRZ25,
      title={More regular formal moduli spaces and arithmetic transfer conjectures: the ramified quadratic case}, 
      author={Yu Luo and Michael Rapoport and Wei Zhang},
      year={2025},
      eprint={2507.01395},
      archivePrefix={arXiv},
      primaryClass={math.NT},
      url={https://arxiv.org/abs/2507.01395}, 
}


@book {Scholze-Weinstein,
    AUTHOR = {Scholze, Peter and Weinstein, Jared},
     TITLE = {Berkeley lectures on {$p$}-adic geometry},
    SERIES = {Annals of Mathematics Studies},
    VOLUME = {207},
 PUBLISHER = {Princeton University Press, Princeton, NJ},
      YEAR = {2020},
     PAGES = {x+250},
      ISBN = {978-0-691-20209-9; 978-0-691-20208-2; 978-0-691-20215-0},
   MRCLASS = {14G45 (14A15 14F30 14G22 14G35 14M15)},
  MRNUMBER = {4446467},
MRREVIEWER = {Lance\ Edward\ Miller},
}

@article {PR24,
    AUTHOR = {Pappas, Georgios and Rapoport, Michael},
     TITLE = {{$p$}-adic shtukas and the theory of global and local
              {S}himura varieties},
   JOURNAL = {Camb. J. Math.},
  FJOURNAL = {Cambridge Journal of Mathematics},
    VOLUME = {12},
      YEAR = {2024},
    NUMBER = {1},
     PAGES = {1--164},
      ISSN = {2168-0930,2168-0949},
   MRCLASS = {11G18 (14G35 14G45)},
  MRNUMBER = {4701491},
MRREVIEWER = {Rolf\ Berndt},
       DOI = {10.4310/cjm.2024.v12.n1.a1},
       URL = {https://doi.org/10.4310/cjm.2024.v12.n1.a1},
}

@misc{HLS-regular,
      title={Regular models of ramified unitary Shimura varieties at maximal parahoric level}, 
      author={Qiao He and Yu Luo and Yousheng Shi},
      year={2024},
      eprint={2410.04500},
      archivePrefix={arXiv},
      primaryClass={math.AG},
      url={https://arxiv.org/abs/2410.04500}, 
}

@article {Vollaard,
    AUTHOR = {Vollaard, Inken},
     TITLE = {The supersingular locus of the {S}himura variety for {${\rm
              GU}(1,s)$}},
   JOURNAL = {Canad. J. Math.},
  FJOURNAL = {Canadian Journal of Mathematics. Journal Canadien de
              Math\'ematiques},
    VOLUME = {62},
      YEAR = {2010},
    NUMBER = {3},
     PAGES = {668--720},
      ISSN = {0008-414X,1496-4279},
   MRCLASS = {14G35 (11G18)},
  MRNUMBER = {2666394},
       DOI = {10.4153/CJM-2010-031-2},
       URL = {https://doi.org/10.4153/CJM-2010-031-2},
}

@article {Vollaard-Wedhorn,
    AUTHOR = {Vollaard, Inken and Wedhorn, Torsten},
     TITLE = {The supersingular locus of the {S}himura variety of {${\rm
              GU}(1,n-1)$} {II}},
   JOURNAL = {Invent. Math.},
  FJOURNAL = {Inventiones Mathematicae},
    VOLUME = {184},
      YEAR = {2011},
    NUMBER = {3},
     PAGES = {591--627},
      ISSN = {0020-9910,1432-1297},
   MRCLASS = {14G35 (11G18)},
 MRNUMBER = {2800696},
MRREVIEWER = {Junecue\ Suh},
       DOI = {10.1007/s00222-010-0299-y},
       URL = {https://doi.org/10.1007/s00222-010-0299-y},
}

@misc{HLS-basic,
      title={The basic locus of ramified unitary Rapoport-Zink space at maximal vertex level}, 
      author={Qiao He and Yu Luo and Yousheng Shi},
      year={2025},
      eprint={2502.06218},
      archivePrefix={arXiv},
      primaryClass={math.AG},
      url={https://arxiv.org/abs/2502.06218}, 
}

@article {GHN2024,
    AUTHOR = {G\"ortz, Ulrich and He, Xuhua and Nie, Sian},
     TITLE = {Basic loci of {C}oxeter type with arbitrary parahoric level},
   JOURNAL = {Canad. J. Math.},
  FJOURNAL = {Canadian Journal of Mathematics. Journal Canadien de
              Math\'ematiques},
    VOLUME = {76},
      YEAR = {2024},
    NUMBER = {1},
     PAGES = {126--172},
      ISSN = {0008-414X,1496-4279},
   MRCLASS = {11G18 (14G35 20G25)},
  MRNUMBER = {4687768},
       DOI = {10.4153/s0008414x22000608},
       URL = {https://doi.org/10.4153/s0008414x22000608},
}

@article{Wu16,
      title={The supersingular locus of unitary {S}himura varieties with exotic good reduction}, 
      author={Haifeng Wu},
      year={2016},
journal={arXiv preprint arXiv:1609.08775}

}

@article{KR-BG,
      title={Notes on special cycles}, 
      author={Steven Kudla and Michael Rapoport},
      year={2012},
    journal={unpublished note}
}

@misc{Cho18,
      title={The basic locus of the unitary Shimura variety with parahoric level structure, and special cycles}, 
      author={Sungyoon Cho},
      year={2018},
      eprint={1807.09997},
      archivePrefix={arXiv},
      primaryClass={math.NT},
      url={https://arxiv.org/abs/1807.09997}, 
}

@article {Li-Zhu,
    AUTHOR = {Li, Chao and Zhu, Yihang},
     TITLE = {Remarks on the arithmetic fundamental lemma},
   JOURNAL = {Algebra Number Theory},
  FJOURNAL = {Algebra \& Number Theory},
    VOLUME = {11},
      YEAR = {2017},
    NUMBER = {10},
     PAGES = {2425--2445},
      ISSN = {1937-0652,1944-7833},
   MRCLASS = {11G18 (14G17 22E55)},
  MRNUMBER = {3744362},
MRREVIEWER = {Noriko\ Yui},
       DOI = {10.2140/ant.2017.11.2425},
       URL = {https://doi.org/10.2140/ant.2017.11.2425},
}

@article{RTW,
  title={The supersingular locus of the {S}himura variety for $\mathrm{GU}(1,n-1)$  over a ramified prime},
  author={Rapoport, Michael and Terstiege, Ulrich and Wilson, Sean},
  journal={Mathematische Zeitschrift},
  volume={276},
  number={3-4},
  pages={1165--1188},
  year={2014},
  publisher={Springer}
}

@article{FHI24,
      title={Rapoport-{Z}ink spaces of type {$\mathrm{GU}(2,n-2)$}}, 
      author={Maria Fox and Benjamin Howard and Naoki Imai},
      year={2024},
    journal={arXiv preprint 2308.03816},
}

@article{Stefania24,
      title={On the {R}apoport-{Z}ink space for $\mathrm{GU}(2, 4)$ over a ramified prime}, 
      author={Stefania Trentin},
      year={2023},
      eprint={2309.11290},
      archivePrefix={arXiv},
      primaryClass={math.NT},
journal={arXiv preprint 2309.11290},
}

@article{Zachos-Zhao1,
      title={Semi-stable and splitting models for unitary {S}himura varieties over ramified places. {I}}, 
      author={Ioannis Zachos and Zhihao Zhao},
      year={2023},
      eprint={2309.16463},
      archivePrefix={arXiv},
      primaryClass={math.NT},
      journal={arXiv preprint 2309.16463}, 
}

@article{Zachos-Zhao2,
      title={Semi-stable and splitting models for unitary {S}himura varieties over ramified places. {II}}, 
      author={Ioannis Zachos and Zhihao Zhao},
      year={2024},
      eprint={2405.06163},
      archivePrefix={arXiv},
      primaryClass={math.NT},
      journal={arXiv preprint 2405.06163}, 
}

@article {Patrick21,
    AUTHOR = {Daniels, Patrick},
     TITLE = {A {T}annakian framework for {$G$}-displays and
              {R}apoport-{Z}ink spaces},
   JOURNAL = {Int. Math. Res. Not. IMRN},
  FJOURNAL = {International Mathematics Research Notices. IMRN},
      YEAR = {2021},
    NUMBER = {22},
     PAGES = {16963--17024},
      ISSN = {1073-7928,1687-0247},
   MRCLASS = {14G35 (18M05 20G05 22E50)},
  MRNUMBER = {4349214},
MRREVIEWER = {Corina\ Ciobotaru},
       DOI = {10.1093/imrn/rnz311},
       URL = {https://doi.org/10.1093/imrn/rnz311},
}

@article {GY10,
    AUTHOR = {G\"ortz, Ulrich and Yu, Chia-Fu},
     TITLE = {Supersingular {K}ottwitz-{R}apoport strata and
              {D}eligne-{L}usztig varieties},
   JOURNAL = {J. Inst. Math. Jussieu},
  FJOURNAL = {Journal of the Institute of Mathematics of Jussieu. JIMJ.
              Journal de l'Institut de Math\'ematiques de Jussieu},
    VOLUME = {9},
      YEAR = {2010},
    NUMBER = {2},
     PAGES = {357--390},
      ISSN = {1474-7480,1475-3030},
   MRCLASS = {14G35 (11G18 14K10)},
  MRNUMBER = {2602029},
MRREVIEWER = {Alan\ Koch},
       DOI = {10.1017/S1474748009000218},
       URL = {https://doi.org/10.1017/S1474748009000218},
}

@misc{luo-ramifiedLM,
      title={On the moduli description of ramified unitary local models of signature $(n-1,1)$}, 
      author={Yu Luo},
      year={2025},
      eprint={2404.10723},
      archivePrefix={arXiv},
      primaryClass={math.AG},
      url={https://arxiv.org/abs/2404.10723}, 
}

@misc{BH24,
      title={On the geometry of the Pappas-Rapoport models in the (AR) case}, 
      author={Stéphane Bijakowski and Valentin Hernandez},
      year={2024},
      eprint={2302.08295},
      archivePrefix={arXiv},
      primaryClass={math.AG},
      url={https://arxiv.org/abs/2302.08295}, 
}

@misc{BZZ25,
      title={On the geometry of splitting models}, 
      author={S. Bijakowski and I. Zachos and Z. Zhao},
      year={2025},
      eprint={2501.05950},
      archivePrefix={arXiv},
      primaryClass={math.NT},
      url={https://arxiv.org/abs/2501.05950}, 
}

@misc{LMZ25,
      title={On unitary Shimura varieties at ramified primes}, 
      author={Yu Luo and Andreas Mihatsch and Zhiyu Zhang},
      year={2025},
      eprint={2504.17484},
      archivePrefix={arXiv},
      primaryClass={math.AG},
      url={https://arxiv.org/abs/2504.17484}, 
}

@misc{Gora20,
      title={Local models, Mustafin varieties and semi-stable resolutions}, 
      author={Felix Gora},
      year={2020},
      eprint={1912.12492},
      archivePrefix={arXiv},
      primaryClass={math.AG},
      url={https://arxiv.org/abs/1912.12492}, 
}

@article {PR05,
    AUTHOR = {Pappas, G. and Rapoport, M.},
     TITLE = {Local models in the ramified case. {II}. {S}plitting models},
   JOURNAL = {Duke Math. J.},
  FJOURNAL = {Duke Mathematical Journal},
    VOLUME = {127},
      YEAR = {2005},
    NUMBER = {2},
     PAGES = {193--250},
      ISSN = {0012-7094,1547-7398},
   MRCLASS = {11G18 (14G35)},
  MRNUMBER = {2130412},
MRREVIEWER = {Ulrich\ G\"ortz},
       DOI = {10.1215/S0012-7094-04-12721-6},
       URL = {https://doi.org/10.1215/S0012-7094-04-12721-6},
}

@article {RSZ-unitary,
    AUTHOR = {Rapoport, M. and Smithling, B. and Zhang, W.},
     TITLE = {On {S}himura varieties for unitary groups},
   JOURNAL = {Pure Appl. Math. Q.},
  FJOURNAL = {Pure and Applied Mathematics Quarterly},
    VOLUME = {17},
      YEAR = {2021},
    NUMBER = {2},
     PAGES = {773--837},
      ISSN = {1558-8599,1558-8602},
   MRCLASS = {11G18 (14G35)},
  MRNUMBER = {4257601},
       DOI = {10.4310/PAMQ.2021.v17.n2.a8},
       URL = {https://doi.org/10.4310/PAMQ.2021.v17.n2.a8},
}

@article {GHN24,
    AUTHOR = {G\"ortz, Ulrich and He, Xuhua and Nie, Sian},
     TITLE = {Basic loci of {C}oxeter type with arbitrary parahoric level},
   JOURNAL = {Canad. J. Math.},
  FJOURNAL = {Canadian Journal of Mathematics. Journal Canadien de
              Math\'ematiques},
    VOLUME = {76},
      YEAR = {2024},
    NUMBER = {1},
     PAGES = {126--172},
      ISSN = {0008-414X,1496-4279},
   MRCLASS = {11G18 (14G35 20G25)},
  MRNUMBER = {4687768},
MRREVIEWER = {Tian\ Wang},
       DOI = {10.4153/s0008414x22000608},
       URL = {https://doi.org/10.4153/s0008414x22000608},
}

@article {KR11,
    AUTHOR = {Kudla, Stephen and Rapoport, Michael},
     TITLE = {Special cycles on unitary {S}himura varieties {I}.
              {U}nramified local theory},
   JOURNAL = {Invent. Math.},
  FJOURNAL = {Inventiones Mathematicae},
    VOLUME = {184},
      YEAR = {2011},
    NUMBER = {3},
     PAGES = {629--682},
      ISSN = {0020-9910,1432-1297},
   MRCLASS = {14G35 (11G18 14L05)},
  MRNUMBER = {2800697},
MRREVIEWER = {Jeffrey\ D.\ Achter},
       DOI = {10.1007/s00222-010-0298-z},
       URL = {https://doi.org/10.1007/s00222-010-0298-z},
}

@article {KR14,
    AUTHOR = {Kudla, Stephen and Rapoport, Michael},
     TITLE = {Special cycles on unitary {S}himura varieties {II}: {G}lobal
              theory},
   JOURNAL = {J. Reine Angew. Math.},
  FJOURNAL = {Journal f\"ur die Reine und Angewandte Mathematik. [Crelle's
              Journal]},
    VOLUME = {697},
      YEAR = {2014},
     PAGES = {91--157},
      ISSN = {0075-4102,1435-5345},
   MRCLASS = {11G18 (14G35)},
  MRNUMBER = {3281653},
MRREVIEWER = {Jeffrey\ D.\ Achter},
       DOI = {10.1515/crelle-2012-0121},
       URL = {https://doi.org/10.1515/crelle-2012-0121},
}

@article {LZ21,
    AUTHOR = {Li, Chao and Zhang, Wei},
     TITLE = {Kudla-{R}apoport cycles and derivatives of local densities},
   JOURNAL = {J. Amer. Math. Soc.},
  FJOURNAL = {Journal of the American Mathematical Society},
    VOLUME = {35},
      YEAR = {2022},
    NUMBER = {3},
     PAGES = {705--797},
      ISSN = {0894-0347,1088-6834},
   MRCLASS = {11G18 (14G35)},
  MRNUMBER = {4433078},
MRREVIEWER = {Hidenori\ Katsurada},
       DOI = {10.1090/jams/988},
       URL = {https://doi.org/10.1090/jams/988},
}

@article{ZZhang24,
author = {Zhiyu Zhang},
title = {{Maximal parahoric arithmetic transfers, resolutions and modularity}},
volume = {174},
journal = {Duke Mathematical Journal},
number = {1},
publisher = {Duke University Press},
pages = {1 -- 129},
keywords = {Algebraic Geometry, number theory, representation theory},
year = {2025},
doi = {10.1215/00127094-2024-0023},
URL = {https://doi.org/10.1215/00127094-2024-0023}
}

@article {Mihatsch-Zhang,
    AUTHOR = {Mihatsch, A. and Zhang, W.},
     TITLE = {On the arithmetic fundamental lemma conjecture over a general
              {$p$}-adic field},
   JOURNAL = {J. Eur. Math. Soc. (JEMS)},
  FJOURNAL = {Journal of the European Mathematical Society (JEMS)},
    VOLUME = {26},
      YEAR = {2024},
    NUMBER = {12},
     PAGES = {4831--4901},
      ISSN = {1435-9855,1435-9863},
   MRCLASS = {11F67 (11G40 14G35)},
  MRNUMBER = {4780495},
       DOI = {10.4171/jems/1375},
       URL = {https://doi.org/10.4171/jems/1375},
}

@article {Zhang21,
    AUTHOR = {Zhang, Wei},
     TITLE = {Weil representation and arithmetic fundamental lemma},
   JOURNAL = {Ann. of Math. (2)},
  FJOURNAL = {Annals of Mathematics. Second Series},
    VOLUME = {193},
      YEAR = {2021},
    NUMBER = {3},
     PAGES = {863--978},
      ISSN = {0003-486X,1939-8980},
   MRCLASS = {11F27 (11F67 11G40 14C25 14G35)},
  MRNUMBER = {4250392},
MRREVIEWER = {Rolf\ Berndt},
       DOI = {10.4007/annals.2021.193.3.5},
       URL = {https://doi.org/10.4007/annals.2021.193.3.5},
}

@article {Cho22,
    AUTHOR = {Cho, Sungyoon},
     TITLE = {Special cycles on unitary {S}himura varieties with minuscule
              parahoric level structure},
   JOURNAL = {Math. Ann.},
  FJOURNAL = {Mathematische Annalen},
    VOLUME = {384},
      YEAR = {2022},
    NUMBER = {3-4},
     PAGES = {1747--1813},
      ISSN = {0025-5831,1432-1807},
   MRCLASS = {14G35},
  MRNUMBER = {4498485},
       DOI = {10.1007/s00208-021-02343-y},
       URL = {https://doi.org/10.1007/s00208-021-02343-y},
}

 @article{Cho-He-Zhang,
      title={On the {K}udla-{R}apoport conjecture for unitary {S}himura varieties with maximal parahoric level structure at unramified primes}, 
      author={Sungyoon Cho and Qiao He and Zhiyu Zhang},
      year={2023},
      journal={arXiv preprint: 2312.16906}
}

@incollection {Kudla04,
    AUTHOR = {Kudla, Stephen S.},
     TITLE = {Special cycles and derivatives of {E}isenstein series},
 BOOKTITLE = {Heegner points and {R}ankin {$L$}-series},
    SERIES = {Math. Sci. Res. Inst. Publ.},
    VOLUME = {49},
     PAGES = {243--270},
 PUBLISHER = {Cambridge Univ. Press, Cambridge},
      YEAR = {2004},
      ISBN = {0-521-83659-X},
   MRCLASS = {11G18 (11F37 11F46 11F67 14G40)},
  MRNUMBER = {2083214},
MRREVIEWER = {Alexey\ A.\ Panchishkin},
       DOI = {10.1017/CBO9780511756375.009},
       URL = {https://doi.org/10.1017/CBO9780511756375.009},
}


@article {Kudla97,
    AUTHOR = {Kudla, Stephen S.},
     TITLE = {Central derivatives of {E}isenstein series and height
              pairings},
   JOURNAL = {Ann. of Math. (2)},
  FJOURNAL = {Annals of Mathematics. Second Series},
    VOLUME = {146},
      YEAR = {1997},
    NUMBER = {3},
     PAGES = {545--646},
      ISSN = {0003-486X,1939-8980},
   MRCLASS = {11F46 (11F30 11G18 14G40)},
  MRNUMBER = {1491448},
MRREVIEWER = {Martin\ L.\ Karel},
       DOI = {10.2307/2952456},
       URL = {https://doi.org/10.2307/2952456},
}


@article{Li-Rapoport-Zhang-QuasiAFL,
      title={Quasi-canonical {AFL} and {A}rithmetic {T}ransfer conjectures at parahoric levels}, 
      author={Chao Li and Michael Rapoport and Wei Zhang},
      year={2024},
      journal={arXiv preprint: 2404.02214}
}


@article {Li-Rapoport-Zhang-HeckeAFL,
    AUTHOR = {Li, Chao and Rapoport, Michael and Zhang, Wei},
     TITLE = {Arithmetic fundamental lemma for the spherical {H}ecke
              algebra},
   JOURNAL = {Manuscripta Math.},
  FJOURNAL = {Manuscripta Mathematica},
    VOLUME = {175},
      YEAR = {2024},
    NUMBER = {1-2},
     PAGES = {1--51},
      ISSN = {0025-2611,1432-1785},
   MRCLASS = {11G18 (11F70 14C25)},
  MRNUMBER = {4790550},
       DOI = {10.1007/s00229-024-01572-0},
       URL = {https://doi.org/10.1007/s00229-024-01572-0},
}

@article{RChenI,
      title={Co-rank $1$ {A}rithmetic {S}iegel--{W}eil {I}: {L}ocal non-{A}rchimedean}, 
      author={Ryan C. Chen},
      year={2024},
       journal={arXiv preprint: 2405.01426}
}

@article{RChenII,
      title={Co-rank $1$ {A}rithmetic {S}iegel--{W}eil {II}: {L}ocal {A}rchimedean}, 
      author={Ryan C. Chen},
      year={2024},
      journal={arXiv preprint: 2405.01427}
}

@article{RChenIII,
      title={Co-rank $1$ {A}rithmetic {S}iegel--{W}eil {III}: {G}eometric local-to-global}, 
      author={Ryan C. Chen},
      year={2024},
            journal={arXiv preprint: 2405.01428}
}

@article{RChenIV,
      title={Co-rank $1$ {A}rithmetic {S}iegel--{W}eil IV: {A}nalytic local-to-global}, 
      author={Ryan C. Chen},
      year={2024},
      journal={arXiv preprint: 2405.01429}
}

@misc{PR24II,
      title={On integral local Shimura varieties}, 
      author={Georgios Pappas and Michael Rapoport},
      year={2024},
      eprint={2204.02829},
      archivePrefix={arXiv},
      primaryClass={math.AG},
      url={https://arxiv.org/abs/2204.02829}, 
}

@article {Liu11I,
    AUTHOR = {Liu, Yifeng},
     TITLE = {Arithmetic theta lifting and {$L$}-derivatives for unitary
              groups, {I}},
   JOURNAL = {Algebra Number Theory},
  FJOURNAL = {Algebra \& Number Theory},
    VOLUME = {5},
      YEAR = {2011},
    NUMBER = {7},
     PAGES = {849--921},
      ISSN = {1937-0652,1944-7833},
   MRCLASS = {11G18 (11F27 11G50 20G05)},
  MRNUMBER = {2928563},
MRREVIEWER = {Stefano\ Vigni},
       DOI = {10.2140/ant.2011.5.849},
       URL = {https://doi.org/10.2140/ant.2011.5.849},
}

@article {GS19,
    AUTHOR = {Garcia, Luis E. and Sankaran, Siddarth},
     TITLE = {Green forms and the arithmetic {S}iegel-{W}eil formula},
   JOURNAL = {Invent. Math.},
  FJOURNAL = {Inventiones Mathematicae},
    VOLUME = {215},
      YEAR = {2019},
    NUMBER = {3},
     PAGES = {863--975},
      ISSN = {0020-9910,1432-1297},
   MRCLASS = {11G18 (14G35)},
  MRNUMBER = {3935034},
       DOI = {10.1007/s00222-018-0839-4},
       URL = {https://doi.org/10.1007/s00222-018-0839-4},
}

@article {GS92,
    AUTHOR = {Gillet, Henri and Soul\'e, Christophe},
     TITLE = {An arithmetic {R}iemann-{R}och theorem},
   JOURNAL = {Invent. Math.},
  FJOURNAL = {Inventiones Mathematicae},
    VOLUME = {110},
      YEAR = {1992},
    NUMBER = {3},
     PAGES = {473--543},
      ISSN = {0020-9910,1432-1297},
   MRCLASS = {14G40 (14C15 14C40 19E99 32L10 58G26)},
  MRNUMBER = {1189489},
MRREVIEWER = {Douglas\ L.\ Ulmer},
       DOI = {10.1007/BF01231343},
       URL = {https://doi.org/10.1007/BF01231343},
}

@misc{Luo-KR-proof,
      title={Kudla-Rapoport conjecture for unramified maximal parahoric level}, 
      author={Yu Luo},
      year={2025},
      eprint={2504.18528},
      archivePrefix={arXiv},
      primaryClass={math.NT},
      url={https://arxiv.org/abs/2504.18528}, 
}

@misc{GLS25,
      title={Modularity of $d$-elliptic loci with level structure}, 
      author={François Greer and Carl Lian and Naomi Sweeting},
      year={2025},
      eprint={2411.00957},
      archivePrefix={arXiv},
      primaryClass={math.AG},
      url={https://arxiv.org/abs/2411.00957}, 
}

@misc{Kiefer25,
      title={Locally and Polar Harmonic Maass Forms for Orthogonal Groups of Signature $(2, n)$}, 
      author={Paul Kiefer},
      year={2025},
      eprint={2503.15123},
      archivePrefix={arXiv},
      primaryClass={math.NT},
      url={https://arxiv.org/abs/2503.15123}, 
}

@book {Harris-Taylor,
    AUTHOR = {Harris, Michael and Taylor, Richard},
     TITLE = {The geometry and cohomology of some simple {S}himura
              varieties},
    SERIES = {Annals of Mathematics Studies},
    VOLUME = {151},
      NOTE = {With an appendix by Vladimir G. Berkovich},
 PUBLISHER = {Princeton University Press, Princeton, NJ},
      YEAR = {2001},
     PAGES = {viii+276},
      ISBN = {0-691-09090-4},
   MRCLASS = {11G18 (11F70 11S37 14G35 22E45)},
  MRNUMBER = {1876802},
MRREVIEWER = {James\ Milne},
}

@article {Langlands77,
    AUTHOR = {Langlands, R. P.},
     TITLE = {Shimura varieties and the {S}elberg trace formula},
   JOURNAL = {Canadian J. Math.},
  FJOURNAL = {Canadian Journal of Mathematics. Journal Canadien de
              Math\'ematiques},
    VOLUME = {29},
      YEAR = {1977},
    NUMBER = {6},
     PAGES = {1292--1299},
      ISSN = {0008-414X,1496-4279},
   MRCLASS = {10D20 (14G10)},
  MRNUMBER = {498400},
MRREVIEWER = {Rita\ Hall},
       DOI = {10.4153/CJM-1977-129-2},
       URL = {https://doi.org/10.4153/CJM-1977-129-2},
}

@article {Langlands79-1,
    AUTHOR = {Langlands, R. P.},
     TITLE = {On the zeta functions of some simple {S}himura varieties},
   JOURNAL = {Canadian J. Math.},
  FJOURNAL = {Canadian Journal of Mathematics. Journal Canadien de
              Math\'ematiques},
    VOLUME = {31},
      YEAR = {1979},
    NUMBER = {6},
     PAGES = {1121--1216},
      ISSN = {0008-414X,1496-4279},
   MRCLASS = {10D40 (12A67 14G25 14K15)},
  MRNUMBER = {553157},
MRREVIEWER = {O.\ M.\ Fomenko},
       DOI = {10.4153/CJM-1979-102-1},
       URL = {https://doi.org/10.4153/CJM-1979-102-1},
}

@incollection {Langlands79-2,
    AUTHOR = {Langlands, R. P.},
     TITLE = {Automorphic representations, {S}himura varieties, and motives.
              {E}in {M}\"archen},
 BOOKTITLE = {Automorphic forms, representations and {$L$}-functions
              ({P}roc. {S}ympos. {P}ure {M}ath., {O}regon {S}tate {U}niv.,
              {C}orvallis, {O}re., 1977), {P}art 2},
    SERIES = {Proc. Sympos. Pure Math.},
    VOLUME = {XXXIII},
     PAGES = {205--246},
 PUBLISHER = {Amer. Math. Soc., Providence, RI},
      YEAR = {1979},
      ISBN = {0-8218-1437-0},
   MRCLASS = {12A67 (10D40)},
  MRNUMBER = {546619},
MRREVIEWER = {Roger\ Howe},
}

@article {Kottwitz92,
    AUTHOR = {Kottwitz, Robert E.},
     TITLE = {Points on some {S}himura varieties over finite fields},
   JOURNAL = {J. Amer. Math. Soc.},
  FJOURNAL = {Journal of the American Mathematical Society},
    VOLUME = {5},
      YEAR = {1992},
    NUMBER = {2},
     PAGES = {373--444},
      ISSN = {0894-0347,1088-6834},
   MRCLASS = {11G18 (11G25 14G10 14G35)},
  MRNUMBER = {1124982},
MRREVIEWER = {Min\ Ho\ Lee},
       DOI = {10.2307/2152772},
       URL = {https://doi.org/10.2307/2152772},
}

@article {Gross-Zagier_84,
    AUTHOR = {Gross, Benedict H. and Zagier, Don B.},
     TITLE = {Heegner points and derivatives of {$L$}-series},
   JOURNAL = {Invent. Math.},
  FJOURNAL = {Inventiones Mathematicae},
    VOLUME = {84},
      YEAR = {1986},
    NUMBER = {2},
     PAGES = {225--320},
      ISSN = {0020-9910,1432-1297},
   MRCLASS = {11G40 (11F11 11G05 14G10)},
  MRNUMBER = {833192},
MRREVIEWER = {Loren\ D.\ Olson},
       DOI = {10.1007/BF01388809},
       URL = {https://doi.org/10.1007/BF01388809},
}

@misc{Madapusi-derived,
      title={Derived special cycles on Shimura varieties}, 
      author={Keerthi Madapusi},
      year={2023},
      eprint={2212.12849},
      archivePrefix={arXiv},
      primaryClass={math.NT},
      url={https://arxiv.org/abs/2212.12849}, 
}

@article {Howard-linear-inv,
    AUTHOR = {Howard, Benjamin},
     TITLE = {Linear invariance of intersections on unitary
              {R}apoport-{Z}ink spaces},
   JOURNAL = {Forum Math.},
  FJOURNAL = {Forum Mathematicum},
    VOLUME = {31},
      YEAR = {2019},
    NUMBER = {5},
     PAGES = {1265--1281},
      ISSN = {0933-7741,1435-5337},
   MRCLASS = {11G18 (14G35)},
  MRNUMBER = {4000587},
MRREVIEWER = {Rolf\ Berndt},
       DOI = {10.1515/forum-2019-0023},
       URL = {https://doi.org/10.1515/forum-2019-0023},
}

@article {BF-duke,
    AUTHOR = {Bruinier, Jan Hendrik and Funke, Jens},
     TITLE = {On two geometric theta lifts},
   JOURNAL = {Duke Math. J.},
  FJOURNAL = {Duke Mathematical Journal},
    VOLUME = {125},
      YEAR = {2004},
    NUMBER = {1},
     PAGES = {45--90},
      ISSN = {0012-7094,1547-7398},
   MRCLASS = {11F55 (11F27 11F32)},
  MRNUMBER = {2097357},
MRREVIEWER = {Matthew\ G.\ Boylan},
       DOI = {10.1215/S0012-7094-04-12513-8},
       URL = {https://doi.org/10.1215/S0012-7094-04-12513-8},
}

@incollection {GGP,
    AUTHOR = {Gan, Wee Teck and Gross, Benedict H. and Prasad, Dipendra},
     TITLE = {Symplectic local root numbers, central critical {$L$} values,
              and restriction problems in the representation theory of
              classical groups},
      NOTE = {Sur les conjectures de Gross et Prasad. I},
   JOURNAL = {Ast\'erisque},
  FJOURNAL = {Ast\'erisque},
    NUMBER = {346},
      YEAR = {2012},
     PAGES = {1--109},
      ISSN = {0303-1179,2492-5926},
      ISBN = {978-2-85629-348-5},
   MRCLASS = {22E50 (11F70 11R39 22E55)},
  MRNUMBER = {3202556},
}

@article {RSZ-diag,
    AUTHOR = {Rapoport, M. and Smithling, B. and Zhang, W.},
     TITLE = {Arithmetic diagonal cycles on unitary {S}himura varieties},
   JOURNAL = {Compos. Math.},
  FJOURNAL = {Compositio Mathematica},
    VOLUME = {156},
      YEAR = {2020},
    NUMBER = {9},
     PAGES = {1745--1824},
      ISSN = {0010-437X,1570-5846},
   MRCLASS = {11G18 (14G35 14G40)},
  MRNUMBER = {4167594},
MRREVIEWER = {Yongxiong\ Li},
       DOI = {10.1112/s0010437x20007289},
       URL = {https://doi.org/10.1112/s0010437x20007289},
}

@article {RSZ-mathann,
    AUTHOR = {Rapoport, M. and Smithling, B. and Zhang, W.},
     TITLE = {Regular formal moduli spaces and arithmetic transfer
              conjectures},
   JOURNAL = {Math. Ann.},
  FJOURNAL = {Mathematische Annalen},
    VOLUME = {370},
      YEAR = {2018},
    NUMBER = {3-4},
     PAGES = {1079--1175},
      ISSN = {0025-5831,1432-1807},
   MRCLASS = {11G18 (14G17 22E55)},
  MRNUMBER = {3770164},
MRREVIEWER = {Rolf\ Berndt},
       DOI = {10.1007/s00208-017-1526-2},
       URL = {https://doi.org/10.1007/s00208-017-1526-2},
}

@article {RSZ-duke,
    AUTHOR = {Rapoport, M. and Smithling, B. and Zhang, W.},
     TITLE = {On the arithmetic transfer conjecture for exotic smooth formal
              moduli spaces},
   JOURNAL = {Duke Math. J.},
  FJOURNAL = {Duke Mathematical Journal},
    VOLUME = {166},
      YEAR = {2017},
    NUMBER = {12},
     PAGES = {2183--2336},
      ISSN = {0012-7094,1547-7398},
   MRCLASS = {11G18 (14G17 22E50)},
  MRNUMBER = {3694568},
MRREVIEWER = {Chao\ Li},
       DOI = {10.1215/00127094-2017-0003},
       URL = {https://doi.org/10.1215/00127094-2017-0003},
}

@article {Zhang12,
    AUTHOR = {Zhang, Wei},
     TITLE = {On arithmetic fundamental lemmas},
   JOURNAL = {Invent. Math.},
  FJOURNAL = {Inventiones Mathematicae},
    VOLUME = {188},
      YEAR = {2012},
    NUMBER = {1},
     PAGES = {197--252},
      ISSN = {0020-9910,1432-1297},
   MRCLASS = {11G18},
  MRNUMBER = {2897697},
MRREVIEWER = {Fabrizio\ Andreatta},
       DOI = {10.1007/s00222-011-0348-1},
       URL = {https://doi.org/10.1007/s00222-011-0348-1},
}

@article {Zhang14,
    AUTHOR = {Zhang, Wei},
     TITLE = {Fourier transform and the global {G}an-{G}ross-{P}rasad
              conjecture for unitary groups},
   JOURNAL = {Ann. of Math. (2)},
  FJOURNAL = {Annals of Mathematics. Second Series},
    VOLUME = {180},
      YEAR = {2014},
    NUMBER = {3},
     PAGES = {971--1049},
      ISSN = {0003-486X,1939-8980},
   MRCLASS = {11F70 (11F67)},
  MRNUMBER = {3245011},
MRREVIEWER = {Shuichiro\ Takeda},
       DOI = {10.4007/annals.2014.180.3.4},
       URL = {https://doi.org/10.4007/annals.2014.180.3.4},
}

@misc{FYZ-Modularity,
      title={Modularity of higher theta series I: cohomology of the generic fiber}, 
      author={Tony Feng and Zhiwei Yun and Wei Zhang},
      year={2023},
      eprint={2308.10979},
      archivePrefix={arXiv},
      primaryClass={math.NT},
      url={https://arxiv.org/abs/2308.10979}, 
}

@article {Yun-Zhang_2,
    AUTHOR = {Yun, Zhiwei and Zhang, Wei},
     TITLE = {Shtukas and the {T}aylor expansion of {$L$}-functions ({II})},
   JOURNAL = {Ann. of Math. (2)},
  FJOURNAL = {Annals of Mathematics. Second Series},
    VOLUME = {189},
      YEAR = {2019},
    NUMBER = {2},
     PAGES = {393--526},
      ISSN = {0003-486X,1939-8980},
   MRCLASS = {11F67 (11F70 14G35 14H60)},
  MRNUMBER = {3919362},
MRREVIEWER = {Lennart\ Gehrmann},
       DOI = {10.4007/annals.2019.189.2.2},
       URL = {https://doi.org/10.4007/annals.2019.189.2.2},
}

@article {Yun-Zhang_1,
    AUTHOR = {Yun, Zhiwei and Zhang, Wei},
     TITLE = {Shtukas and the {T}aylor expansion of {$L$}-functions},
   JOURNAL = {Ann. of Math. (2)},
  FJOURNAL = {Annals of Mathematics. Second Series},
    VOLUME = {186},
      YEAR = {2017},
    NUMBER = {3},
     PAGES = {767--911},
      ISSN = {0003-486X,1939-8980},
   MRCLASS = {11F67 (11F70 14G35 14H60)},
  MRNUMBER = {3702678},
MRREVIEWER = {Shouwu\ Zhang},
       DOI = {10.4007/annals.2017.186.3.2},
       URL = {https://doi.org/10.4007/annals.2017.186.3.2},
}

@article {FYZ-1,
    AUTHOR = {Feng, Tony and Yun, Zhiwei and Zhang, Wei},
     TITLE = {Higher {S}iegel-{W}eil formula for unitary groups: the
              non-singular terms},
   JOURNAL = {Invent. Math.},
  FJOURNAL = {Inventiones Mathematicae},
    VOLUME = {235},
      YEAR = {2024},
    NUMBER = {2},
     PAGES = {569--668},
      ISSN = {0020-9910,1432-1297},
   MRCLASS = {11F72 (11F67 11F70 14D23)},
  MRNUMBER = {4689373},
MRREVIEWER = {Wei\ Xiong},
       DOI = {10.1007/s00222-023-01228-y},
       URL = {https://doi.org/10.1007/s00222-023-01228-y},
}

@article {FYZ-2,
    AUTHOR = {Feng, Tony and Yun, Zhiwei and Zhang, Wei},
     TITLE = {Higher theta series for unitary groups over function fields},
   JOURNAL = {Ann. Sci. \'Ec. Norm. Sup\'er. (4)},
  FJOURNAL = {Annales Scientifiques de l'\'Ecole Normale Sup\'erieure.
              Quatri\`eme S\'erie},
    VOLUME = {58},
      YEAR = {2025},
    NUMBER = {2},
     PAGES = {275--388},
      ISSN = {0012-9593,1873-2151},
   MRCLASS = {11F72 (11F67 11F70 14D23 14F08 14K25)},
  MRNUMBER = {4902399},
}

@misc{Feng-Khan_24,
      title={Modularity of higher theta series II: Chow group of the generic fiber}, 
      author={Tony Feng and Adeel A. Khan},
      year={2024},
      eprint={2403.19711},
      archivePrefix={arXiv},
      primaryClass={math.NT},
      url={https://arxiv.org/abs/2403.19711}, 
}

@article {Li-Liu_21,
    AUTHOR = {Li, Chao and Liu, Yifeng},
     TITLE = {Chow groups and {$L$}-derivatives of automorphic motives for
              unitary groups},
   JOURNAL = {Ann. of Math. (2)},
  FJOURNAL = {Annals of Mathematics. Second Series},
    VOLUME = {194},
      YEAR = {2021},
    NUMBER = {3},
     PAGES = {817--901},
      ISSN = {0003-486X,1939-8980},
   MRCLASS = {11G18 (11G40 11G50 14C15)},
  MRNUMBER = {4334978},
MRREVIEWER = {Stefano\ Vigni},
       DOI = {10.4007/annals.2021.194.3.6},
       URL = {https://doi.org/10.4007/annals.2021.194.3.6},
}

@article {Li-Liu_22,
    AUTHOR = {Li, Chao and Liu, Yifeng},
     TITLE = {Chow groups and {$L$}-derivatives of automorphic motives for
              unitary groups, {II}.},
   JOURNAL = {Forum Math. Pi},
  FJOURNAL = {Forum of Mathematics. Pi},
    VOLUME = {10},
      YEAR = {2022},
     PAGES = {Paper No. e5, 71},
      ISSN = {2050-5086},
   MRCLASS = {11G18 (11G40 11G50 14C15 14G35)},
  MRNUMBER = {4390300},
MRREVIEWER = {Stefano\ Vigni},
       DOI = {10.1017/fmp.2022.2},
       URL = {https://doi.org/10.1017/fmp.2022.2},
}

@misc{ZZhang_Twist-AGGP,
      title={Non-reductive special cycles and Twisted Arithmetic Fundamental Lemma}, 
      author={Zhiyu Zhang},
      year={2024},
      eprint={2406.00986},
      archivePrefix={arXiv},
      primaryClass={math.NT},
      url={https://arxiv.org/abs/2406.00986}, 
}

@article {GGP_twisted,
    AUTHOR = {Gan, Wee Teck and Gross, Benedict H. and Prasad, Dipendra},
     TITLE = {Twisted {GGP} problems and conjectures},
   JOURNAL = {Compos. Math.},
  FJOURNAL = {Compositio Mathematica},
    VOLUME = {159},
      YEAR = {2023},
    NUMBER = {9},
     PAGES = {1916--1973},
      ISSN = {0010-437X,1570-5846},
   MRCLASS = {11F70 (22E55)},
  MRNUMBER = {4622393},
MRREVIEWER = {Alexandru\ A.\ Popa},
       DOI = {10.1112/s0010437x23007327},
       URL = {https://doi.org/10.1112/s0010437x23007327},
}

@article {AG_singular-support,
    AUTHOR = {Arinkin, D. and Gaitsgory, D.},
     TITLE = {Singular support of coherent sheaves and the geometric
              {L}anglands conjecture},
   JOURNAL = {Selecta Math. (N.S.)},
  FJOURNAL = {Selecta Mathematica. New Series},
    VOLUME = {21},
      YEAR = {2015},
    NUMBER = {1},
     PAGES = {1--199},
      ISSN = {1022-1824,1420-9020},
   MRCLASS = {14D24 (14A20 14F05 22E57)},
  MRNUMBER = {3300415},
MRREVIEWER = {Richard\ P.\ Thomas},
       DOI = {10.1007/s00029-014-0167-5},
       URL = {https://doi.org/10.1007/s00029-014-0167-5},
}

@misc{Khan19,
      title={Virtual fundamental classes of derived stacks I}, 
      author={Adeel A. Khan},
      year={2019},
      eprint={1909.01332},
      archivePrefix={arXiv},
      primaryClass={math.AG},
      url={https://arxiv.org/abs/1909.01332}, 
}

@article {Lysenko06,
    AUTHOR = {Lysenko, Sergey},
     TITLE = {Moduli of metaplectic bundles on curves and theta-sheaves},
   JOURNAL = {Ann. Sci. \'Ecole Norm. Sup. (4)},
  FJOURNAL = {Annales Scientifiques de l'\'Ecole Normale Sup\'erieure.
              Quatri\`eme S\'erie},
    VOLUME = {39},
      YEAR = {2006},
    NUMBER = {3},
     PAGES = {415--466},
      ISSN = {0012-9593},
   MRCLASS = {14D20 (14F05 14H10 14L30 14M15)},
  MRNUMBER = {2265675},
MRREVIEWER = {Joel\ Kamnitzer},
       DOI = {10.1016/j.ansens.2006.01.003},
       URL = {https://doi.org/10.1016/j.ansens.2006.01.003},
}

@article {Lysenko11,
    AUTHOR = {Lysenko, Sergey},
     TITLE = {Geometric theta-lifting for the dual pair {$\Bbb S\Bbb
              O_{2m},\Bbb S{\rm p}_{2n}$}},
   JOURNAL = {Ann. Sci. \'Ec. Norm. Sup\'er. (4)},
  FJOURNAL = {Annales Scientifiques de l'\'Ecole Normale Sup\'erieure.
              Quatri\`eme S\'erie},
    VOLUME = {44},
      YEAR = {2011},
    NUMBER = {3},
     PAGES = {427--493},
      ISSN = {0012-9593,1873-2151},
   MRCLASS = {22E50 (14F05)},
  MRNUMBER = {2839456},
MRREVIEWER = {Anne-Marie\ H.\ Aubert},
       DOI = {10.24033/asens.2147},
       URL = {https://doi.org/10.24033/asens.2147},
}

@article {Scholze-GLn,
    AUTHOR = {Scholze, Peter},
     TITLE = {The local {L}anglands correspondence for {$\mathrm{GL}_n$} over
              {$p$}-adic fields},
   JOURNAL = {Invent. Math.},
  FJOURNAL = {Inventiones Mathematicae},
    VOLUME = {192},
      YEAR = {2013},
    NUMBER = {3},
     PAGES = {663--715},
      ISSN = {0020-9910,1432-1297},
   MRCLASS = {22E50 (11G18 14G35)},
  MRNUMBER = {3049932},
MRREVIEWER = {Maarten\ Sander\ Solleveld},
       DOI = {10.1007/s00222-012-0420-5},
       URL = {https://doi.org/10.1007/s00222-012-0420-5},
}

@misc{Yao_KR,
      title={A Kudla-Rapoport Formula for Exotic Smooth Models of Odd Dimension}, 
      author={Haodong Yao},
      year={2024},
      eprint={2404.14431},
      archivePrefix={arXiv},
      primaryClass={math.NT},
      url={https://arxiv.org/abs/2404.14431}, 
}

@article {Li-Zhang_orthogonal,
    AUTHOR = {Li, Chao and Zhang, Wei},
     TITLE = {On the arithmetic {S}iegel-{W}eil formula for {GS}pin
              {S}himura varieties},
   JOURNAL = {Invent. Math.},
  FJOURNAL = {Inventiones Mathematicae},
    VOLUME = {228},
      YEAR = {2022},
    NUMBER = {3},
     PAGES = {1353--1460},
      ISSN = {0020-9910,1432-1297},
   MRCLASS = {11F70 (11G18 14G35)},
  MRNUMBER = {4419634},
MRREVIEWER = {Hengfei\ Lu},
       DOI = {10.1007/s00222-022-01106-z},
       URL = {https://doi.org/10.1007/s00222-022-01106-z},
}

@article {Arizdorf,
    AUTHOR = {Arzdorf, Kai},
     TITLE = {On local models with special parahoric level structure},
   JOURNAL = {Michigan Math. J.},
  FJOURNAL = {Michigan Mathematical Journal},
    VOLUME = {58},
      YEAR = {2009},
    NUMBER = {3},
     PAGES = {683--710},
      ISSN = {0026-2285,1945-2365},
   MRCLASS = {14G35 (11G18)},
  MRNUMBER = {2595559},
MRREVIEWER = {Pete\ L.\ Clark},
       DOI = {10.1307/mmj/1260475695},
       URL = {https://doi.org/10.1307/mmj/1260475695},
}

@article {BHKRY,
    AUTHOR = {Bruinier, Jan H. and Howard, Benjamin and Kudla, Stephen S.
              and Rapoport, Michael and Yang, Tonghai},
     TITLE = {Modularity of generating series of divisors on unitary
              {S}himura varieties},
   JOURNAL = {Ast\'erisque},
  FJOURNAL = {Ast\'erisque},
    NUMBER = {421},
      YEAR = {2020},
     PAGES = {7--125},
      ISSN = {0303-1179,2492-5926},
      ISBN = {978-2-85629-927-2},
   MRCLASS = {14G35 (11F27 11F55 11G18 14G40)},
  MRNUMBER = {4183376},
MRREVIEWER = {Haowu\ Wang},
       DOI = {10.24033/ast},
       URL = {https://doi.org/10.24033/ast},
}

@article{Rud-Zhang,
      title={Explicit construction of arithmetic transfer, and proof of ATC for low-rank unitary groups}, 
      author={Thomas R\"ud and 
          Wei Zhang},
      year={2025},
journal={In preparation}
}

@article {Scholze-MC,
    AUTHOR = {Scholze, Peter},
     TITLE = {The {L}anglands-{K}ottwitz approach for the modular curve},
   JOURNAL = {Int. Math. Res. Not. IMRN},
  FJOURNAL = {International Mathematics Research Notices. IMRN},
      YEAR = {2011},
    NUMBER = {15},
     PAGES = {3368--3425},
      ISSN = {1073-7928,1687-0247},
   MRCLASS = {11G40 (11F66 11G18)},
  MRNUMBER = {2822177},
MRREVIEWER = {Mihran\ Papikian},
       DOI = {10.1093/imrn/rnq225},
       URL = {https://doi.org/10.1093/imrn/rnq225},
}

@book {Katz-Mazur,
    AUTHOR = {Katz, Nicholas M. and Mazur, Barry},
     TITLE = {Arithmetic moduli of elliptic curves},
    SERIES = {Annals of Mathematics Studies},
    VOLUME = {108},
 PUBLISHER = {Princeton University Press, Princeton, NJ},
      YEAR = {1985},
     PAGES = {xiv+514},
      ISBN = {0-691-08349-5; 0-691-08352-5},
   MRCLASS = {11G05 (11F11 14G25 14K15)},
  MRNUMBER = {772569},
MRREVIEWER = {Kenneth\ A.\ Ribet},
       DOI = {10.1515/9781400881710},
       URL = {https://doi.org/10.1515/9781400881710},
}

@incollection {Deligne-Rapoport,
    AUTHOR = {Deligne, P. and Rapoport, M.},
     TITLE = {Les sch\'emas de modules de courbes elliptiques},
 BOOKTITLE = {Modular functions of one variable, {II} ({P}roc. {I}nternat.
              {S}ummer {S}chool, {U}niv. {A}ntwerp, {A}ntwerp, 1972)},
    SERIES = {Lecture Notes in Math.},
    VOLUME = {Vol. 349},
     PAGES = {143--316},
 PUBLISHER = {Springer, Berlin-New York},
      YEAR = {1973},
   MRCLASS = {14K10 (10D05)},
  MRNUMBER = {337993},
MRREVIEWER = {T.\ Oda},
}

@article{Huang-Thesis,
      title={Integral models of modular curves and their reduction modulo $p$}, 
      author={Yu-Liang Huang},
      year={2016},
      eprint={https://perso.univ-rennes1.fr/matthieu.romagny/etudiants/Huang.pdf},
}

@article {RZ82,
    AUTHOR = {Rapoport, M. and Zink, Th.},
     TITLE = {\"Uber die lokale {Z}etafunktion von {S}himuravariet\"aten.
              {M}onodromiefiltration und verschwindende {Z}yklen in
              ungleicher {C}harakteristik},
   JOURNAL = {Invent. Math.},
  FJOURNAL = {Inventiones Mathematicae},
    VOLUME = {68},
      YEAR = {1982},
    NUMBER = {1},
     PAGES = {21--101},
      ISSN = {0020-9910,1432-1297},
   MRCLASS = {14G10 (10D35 10D40 12A67 14K15)},
  MRNUMBER = {666636},
MRREVIEWER = {James\ Milne},
       DOI = {10.1007/BF01394268},
       URL = {https://doi.org/10.1007/BF01394268},
}

@article {Haines-Ngo,
    AUTHOR = {Haines, T. and Ng\^o, B. C.},
     TITLE = {Nearby cycles for local models of some {S}himura varieties},
   JOURNAL = {Compositio Math.},
  FJOURNAL = {Compositio Mathematica},
    VOLUME = {133},
      YEAR = {2002},
    NUMBER = {2},
     PAGES = {117--150},
      ISSN = {0010-437X,1570-5846},
   MRCLASS = {11G18 (14G35 20C08)},
  MRNUMBER = {1923579},
MRREVIEWER = {Conjeeveram\ S.\ Rajan},
       DOI = {10.1023/A:1019666710051},
       URL = {https://doi.org/10.1023/A:1019666710051},
}

@incollection {Rapoport-simisimpletrace,
    AUTHOR = {Rapoport, M.},
     TITLE = {On the bad reduction of {S}himura varieties},
 BOOKTITLE = {Automorphic forms, {S}himura varieties, and {$L$}-functions,
              {V}ol.\ {II} ({A}nn {A}rbor, {MI}, 1988)},
    SERIES = {Perspect. Math.},
    VOLUME = {11},
     PAGES = {253--321},
 PUBLISHER = {Academic Press, Boston, MA},
      YEAR = {1990},
      ISBN = {0-12-176652-7},
   MRCLASS = {11G18 (11F70 11G40 14G10)},
  MRNUMBER = {1044832},
MRREVIEWER = {James\ Milne},
}

@incollection {Bernstein-center,
    AUTHOR = {Bernstein, J. N.},
     TITLE = {Le ``centre'' de {B}ernstein},
 BOOKTITLE = {Representations of reductive groups over a local field},
    SERIES = {Travaux en Cours},
     PAGES = {1--32},
    EDITOR = {Deligne, P.},
 PUBLISHER = {Hermann, Paris},
      YEAR = {1984},
      ISBN = {2-7056-5989-7},
   MRCLASS = {22E50},
  MRNUMBER = {771671},
MRREVIEWER = {Fran\c cois\ Rodier},
}

@article{RZhang-survey,
      title={Bernstein center and {S}cholze's base change}, 
      author={Robin Zhang},
      eprint={https://math.mit.edu/~robinz/papers.html},
}


@book{Kudla-Rapoport-Yang_book,
    AUTHOR = {Kudla, Stephen S. and Rapoport, Michael and Yang, Tonghai},
     TITLE = {Modular forms and special cycles on {S}himura curves},
    SERIES = {Annals of Mathematics Studies},
    VOLUME = {161},
 PUBLISHER = {Princeton University Press, Princeton, NJ},
      YEAR = {2006},
     PAGES = {x+373},
      ISBN = {978-0-691-12551-0; 0-691-12551-1},
   MRCLASS = {11G18 (11-02 11F66 14G35 14G40)},
  MRNUMBER = {2220359},
MRREVIEWER = {Jens\ Funke},
       DOI = {10.1515/9781400837168},
       URL = {https://doi.org/10.1515/9781400837168},
}